@article{DBLP:journals/jlp/BauerP15,
  author    = {Andrej Bauer and
               Matija Pretnar},
  title     = {Programming with algebraic effects and handlers},
  journal   = {J. Log. Algebr. Meth. Program.},
  volume    = {84},
  number    = {1},
  pages     = {108--123},
  year      = {2015},
  url       = {https://doi.org/10.1016/j.jlamp.2014.02.001},
  doi       = {10.1016/j.jlamp.2014.02.001},
  timestamp = {Sun, 28 May 2017 13:17:34 +0200},
  biburl    = {https://dblp.org/rec/bib/journals/jlp/BauerP15},
  bibsource = {dblp computer science bibliography, https://dblp.org}
}

@article{DBLP:journals/corr/BauerP13,
  author    = {Andrej Bauer and
               Matija Pretnar},
  title     = {An Effect System for Algebraic Effects and Handlers},
  journal   = {Logical Methods in Computer Science},
  volume    = {10},
  number    = {4},
  year      = {2014},
  url       = {https://doi.org/10.2168/LMCS-10(4:9)2014},
  doi       = {10.2168/LMCS-10(4:9)2014},
  timestamp = {Tue, 14 May 2019 16:31:18 +0200},
  biburl    = {https://dblp.org/rec/bib/journals/corr/BauerP13},
  bibsource = {dblp computer science bibliography, https://dblp.org}
}

@inproceedings{DBLP:conf/icfp/HillerstromL16,
  author    = {Daniel Hillerstr{\"{o}}m and
               Sam Lindley},
  title     = {Liberating effects with rows and handlers},
  booktitle = {Proceedings of the 1st International Workshop on Type-Driven Development,
               TyDe@ICFP 2016, Nara, Japan, September 18, 2016},
  pages     = {15--27},
  year      = {2016},
  crossref  = {DBLP:conf/icfp/2016tyde},
  url       = {https://doi.org/10.1145/2976022.2976033},
  doi       = {10.1145/2976022.2976033},
  timestamp = {Tue, 06 Nov 2018 16:59:24 +0100},
  biburl    = {https://dblp.org/rec/bib/conf/icfp/HillerstromL16},
  bibsource = {dblp computer science bibliography, https://dblp.org}
}

@proceedings{DBLP:conf/icfp/2016tyde,
  editor    = {James Chapman and
               Wouter Swierstra},
  title     = {Proceedings of the 1st International Workshop on Type-Driven Development,
               TyDe@ICFP 2016, Nara, Japan, September 18, 2016},
  publisher = {{ACM}},
  year      = {2016},
  url       = {https://doi.org/10.1145/2976022},
  doi       = {10.1145/2976022},
  isbn      = {978-1-4503-4435-7},
  timestamp = {Tue, 06 Nov 2018 16:59:24 +0100},
  biburl    = {https://dblp.org/rec/bib/conf/icfp/2016tyde},
  bibsource = {dblp computer science bibliography, https://dblp.org}
}

@inproceedings{DBLP:conf/popl/Leijen17,
  author    = {Daan Leijen},
  title     = {Type directed compilation of row-typed algebraic effects},
  booktitle = {Proceedings of the 44th {ACM} {SIGPLAN} Symposium on Principles of
               Programming Languages, {POPL} 2017, Paris, France, January 18-20,
               2017},
  pages     = {486--499},
  year      = {2017},
  crossref  = {DBLP:conf/popl/2017},
  url       = {http://dl.acm.org/citation.cfm?id=3009872},
  timestamp = {Tue, 06 Nov 2018 11:07:42 +0100},
  biburl    = {https://dblp.org/rec/bib/conf/popl/Leijen17},
  bibsource = {dblp computer science bibliography, https://dblp.org}
}

@proceedings{DBLP:conf/popl/2017,
  editor    = {Giuseppe Castagna and
               Andrew D. Gordon},
  title     = {Proceedings of the 44th {ACM} {SIGPLAN} Symposium on Principles of
               Programming Languages, {POPL} 2017, Paris, France, January 18-20,
               2017},
  publisher = {{ACM}},
  year      = {2017},
  url       = {https://doi.org/10.1145/3009837},
  doi       = {10.1145/3009837},
  isbn      = {978-1-4503-4660-3},
  timestamp = {Tue, 06 Nov 2018 11:07:42 +0100},
  biburl    = {https://dblp.org/rec/bib/conf/popl/2017},
  bibsource = {dblp computer science bibliography, https://dblp.org}
}

@inproceedings{DBLP:conf/icfp/Leijen18,
  author    = {Daan Leijen},
  title     = {First class dynamic effect handlers: or, polymorphic heaps with dynamic
               effect handlers},
  booktitle = {Proceedings of the 3rd {ACM} {SIGPLAN} International Workshop on Type-Driven
               Development, TyDe@ICFP 2018, St. Louis, MO, USA, September 27, 2018},
  pages     = {51--64},
  year      = {2018},
  crossref  = {DBLP:conf/icfp/2018tyde},
  url       = {https://doi.org/10.1145/3240719.3241789},
  doi       = {10.1145/3240719.3241789},
  timestamp = {Tue, 11 Dec 2018 18:44:06 +0100},
  biburl    = {https://dblp.org/rec/bib/conf/icfp/Leijen18},
  bibsource = {dblp computer science bibliography, https://dblp.org}
}

@proceedings{DBLP:conf/icfp/2018tyde,
  editor    = {Richard A. Eisenberg and
               Niki Vazou},
  title     = {Proceedings of the 3rd {ACM} {SIGPLAN} International Workshop on Type-Driven
               Development, TyDe@ICFP 2018, St. Louis, MO, USA, September 27, 2018},
  publisher = {{ACM}},
  year      = {2018},
  url       = {https://doi.org/10.1145/3240719},
  doi       = {10.1145/3240719},
  timestamp = {Tue, 11 Dec 2018 18:43:36 +0100},
  biburl    = {https://dblp.org/rec/bib/conf/icfp/2018tyde},
  bibsource = {dblp computer science bibliography, https://dblp.org}
}

@article{DBLP:journals/iandc/LevyPT03,
  author    = {Paul Blain Levy and
               John Power and
               Hayo Thielecke},
  title     = {Modelling environments in call-by-value programming languages},
  journal   = {Inf. Comput.},
  volume    = {185},
  number    = {2},
  pages     = {182--210},
  year      = {2003},
  url       = {https://doi.org/10.1016/S0890-5401(03)00088-9},
  doi       = {10.1016/S0890-5401(03)00088-9},
  timestamp = {Fri, 02 Nov 2018 09:31:09 +0100},
  biburl    = {https://dblp.org/rec/bib/journals/iandc/LevyPT03},
  bibsource = {dblp computer science bibliography, https://dblp.org}
}

@inproceedings{DBLP:conf/pldi/FlanaganSDF93,
  author    = {Cormac Flanagan and
               Amr Sabry and
               Bruce F. Duba and
               Matthias Felleisen},
  title     = {The Essence of Compiling with Continuations},
  booktitle = {Proceedings of the {ACM} SIGPLAN'93 Conference on Programming Language
               Design and Implementation (PLDI), Albuquerque, New Mexico, USA, June
               23-25, 1993},
  pages     = {237--247},
  year      = {1993},
  crossref  = {DBLP:conf/pldi/1993},
  url       = {https://doi.org/10.1145/155090.155113},
  doi       = {10.1145/155090.155113},
  timestamp = {Tue, 06 Nov 2018 16:59:30 +0100},
  biburl    = {https://dblp.org/rec/bib/conf/pldi/FlanaganSDF93},
  bibsource = {dblp computer science bibliography, https://dblp.org}
}

@proceedings{DBLP:conf/pldi/1993,
  editor    = {Robert Cartwright},
  title     = {Proceedings of the {ACM} SIGPLAN'93 Conference on Programming Language
               Design and Implementation (PLDI), Albuquerque, New Mexico, USA, June
               23-25, 1993},
  publisher = {{ACM}},
  year      = {1993},
  url       = {http://dl.acm.org/citation.cfm?id=155090},
  isbn      = {0-89791-598-4},
  timestamp = {Mon, 21 May 2012 16:19:53 +0200},
  biburl    = {https://dblp.org/rec/bib/conf/pldi/1993},
  bibsource = {dblp computer science bibliography, https://dblp.org}
}

@article{DBLP:journals/pacmpl/BiernackiPPS18,
  author    = {Dariusz Biernacki and
               Maciej Pir{\'{o}}g and
               Piotr Polesiuk and
               Filip Sieczkowski},
  title     = {Handle with care: relational interpretation of algebraic effects and
               handlers},
  journal   = {{PACMPL}},
  volume    = {2},
  number    = {{POPL}},
  pages     = {8:1--8:30},
  year      = {2018},
  url       = {https://doi.org/10.1145/3158096},
  doi       = {10.1145/3158096},
  timestamp = {Tue, 06 Nov 2018 12:51:06 +0100},
  biburl    = {https://dblp.org/rec/bib/journals/pacmpl/BiernackiPPS18},
  bibsource = {dblp computer science bibliography, https://dblp.org}
}

@book{DBLP:books/daglib/0069232,
  author    = {Robin Milner and
               Mads Tofte and
               Robert Harper},
  title     = {Definition of standard {ML}},
  publisher = {{MIT} Press},
  year      = {1990},
  isbn      = {978-0-262-63132-7},
  timestamp = {Tue, 14 Mar 2017 11:56:49 +0100},
  biburl    = {https://dblp.org/rec/bib/books/daglib/0069232},
  bibsource = {dblp computer science bibliography, https://dblp.org}
}

@article{DBLP:journals/corr/PlotkinP13,
  author    = {Gordon D. Plotkin and
               Matija Pretnar},
  title     = {Handling Algebraic Effects},
  journal   = {Logical Methods in Computer Science},
  volume    = {9},
  number    = {4},
  year      = {2013},
  url       = {https://doi.org/10.2168/LMCS-9(4:23)2013},
  doi       = {10.2168/LMCS-9(4:23)2013},
  timestamp = {Tue, 14 May 2019 16:31:14 +0200},
  biburl    = {https://dblp.org/rec/bib/journals/corr/PlotkinP13},
  bibsource = {dblp computer science bibliography, https://dblp.org}
}

@inproceedings{DBLP:conf/pldi/LaunchburyJ94,
  author    = {John Launchbury and
               Simon L. {Peyton Jones}},
  title     = {Lazy Functional State Threads},
  booktitle = {Proceedings of the {ACM} SIGPLAN'94 Conference on Programming Language
               Design and Implementation (PLDI), Orlando, Florida, USA, June 20-24,
               1994},
  pages     = {24--35},
  year      = {1994},
  crossref  = {DBLP:conf/pldi/1994},
  url       = {https://doi.org/10.1145/178243.178246},
  doi       = {10.1145/178243.178246},
  timestamp = {Tue, 06 Nov 2018 16:59:30 +0100},
  biburl    = {https://dblp.org/rec/bib/conf/pldi/LaunchburyJ94},
  bibsource = {dblp computer science bibliography, https://dblp.org}
}

@proceedings{DBLP:conf/pldi/1994,
  editor    = {Vivek Sarkar and
               Barbara G. Ryder and
               Mary Lou Soffa},
  title     = {Proceedings of the {ACM} SIGPLAN'94 Conference on Programming Language
               Design and Implementation (PLDI), Orlando, Florida, USA, June 20-24,
               1994},
  publisher = {{ACM}},
  year      = {1994},
  url       = {http://dl.acm.org/citation.cfm?id=178243},
  isbn      = {0-89791-662-X},
  timestamp = {Mon, 21 May 2012 16:19:52 +0200},
  biburl    = {https://dblp.org/rec/bib/conf/pldi/1994},
  bibsource = {dblp computer science bibliography, https://dblp.org}
}

@article{DBLP:journals/entcs/ClaessenL00,
  author    = {Koen Claessen and
               Peter Ljungl{\"{o}}f},
  title     = {Typed Logical Variables in Haskell},
  journal   = {Electr. Notes Theor. Comput. Sci.},
  volume    = {41},
  number    = {1},
  pages     = {37},
  year      = {2000},
  url       = {https://doi.org/10.1016/S1571-0661(05)80544-4},
  doi       = {10.1016/S1571-0661(05)80544-4},
  timestamp = {Sun, 28 May 2017 13:22:55 +0200},
  biburl    = {https://dblp.org/rec/bib/journals/entcs/ClaessenL00},
  bibsource = {dblp computer science bibliography, https://dblp.org}
}

@article{DBLP:journals/entcs/Pretnar15,
  author    = {Matija Pretnar},
  title     = {An Introduction to Algebraic Effects and Handlers. Invited tutorial
               paper},
  journal   = {Electr. Notes Theor. Comput. Sci.},
  volume    = {319},
  pages     = {19--35},
  year      = {2015},
  url       = {https://doi.org/10.1016/j.entcs.2015.12.003},
  doi       = {10.1016/j.entcs.2015.12.003},
  timestamp = {Sun, 28 May 2017 13:22:54 +0200},
  biburl    = {https://dblp.org/rec/bib/journals/entcs/Pretnar15},
  bibsource = {dblp computer science bibliography, https://dblp.org}
}

@inproceedings{DBLP:journals/corr/abs-1812-11664,
  author    = {Oleg Kiselyov and
               K. C. Sivaramakrishnan},
  title     = {Eff Directly in OCaml},
  booktitle = {Proceedings {ML} Family Workshop / OCaml Users and Developers workshops,
               {ML/OCAML} 2016, Nara, Japan, September 22-23, 2016.},
  pages     = {23--58},
  year      = {2016},
  crossref  = {DBLP:journals/corr/abs-1812-10891},
  url       = {https://doi.org/10.4204/EPTCS.285.2},
  doi       = {10.4204/EPTCS.285.2},
  timestamp = {Fri, 04 Jan 2019 12:22:11 +0100},
  biburl    = {https://dblp.org/rec/bib/journals/corr/abs-1812-11664},
  bibsource = {dblp computer science bibliography, https://dblp.org}
}

@proceedings{DBLP:journals/corr/abs-1812-10891,
  editor    = {Kenichi Asai and
               Mark R. Shinwell},
  title     = {Proceedings {ML} Family Workshop / OCaml Users and Developers workshops,
               {ML/OCAML} 2016, Nara, Japan, September 22-23, 2016},
  series    = {{EPTCS}},
  volume    = {285},
  year      = {2018},
  url       = {https://doi.org/10.4204/EPTCS.285},
  doi       = {10.4204/EPTCS.285},
  timestamp = {Fri, 04 Jan 2019 12:22:11 +0100},
  biburl    = {https://dblp.org/rec/bib/journals/corr/abs-1812-10891},
  bibsource = {dblp computer science bibliography, https://dblp.org}
}
